best_ask,best_bid,time_index,top_buy_price_points,top_sell_price_points
768861.0,772468.0,2016-04-29 07:20:01.027000$$2016-04-29 07:20:31.204,"3418.0,3415.0,3414.0,3413.0,3412.0,3411.0,3410.0,3408.0,3405.0,3404.0,","3402.0,3403.0,3404.0,3405.0,3406.0,3407.0,3408.0,3409.0,3410.0,3411.0,"
265356.0,266604.0,2016-04-29 07:20:31.204000$$2016-04-29 07:21:02.101,"3418.0,3415.0,3414.0,3413.0,3412.0,3411.0,3410.0,3408.0,3405.0,3404.0,","3402.0,3403.0,3404.0,3405.0,3406.0,3407.0,3408.0,3409.0,3410.0,3411.0,"
333315.0,334964.0,2016-04-29 07:21:02.101000$$2016-04-29 07:21:34.129,"3418.0,3415.0,3414.0,3413.0,3412.0,3411.0,3410.0,3408.0,3405.0,3404.0,","3401.0,3402.0,3403.0,3404.0,3405.0,3406.0,3407.0,3408.0,3409.0,3410.0,"
370709.0,372562.0,2016-04-29 07:21:34.129000$$2016-04-29 07:22:09.616,"3418.0,3415.0,3414.0,3413.0,3412.0,3411.0,3410.0,3408.0,3405.0,3404.0,","3401.0,3402.0,3403.0,3404.0,3405.0,3406.0,3407.0,3408.0,3409.0,3410.0,"
737635.0,741706.0,2016-04-29 07:22:09.616000$$2016-04-29 07:22:41.520,"3418.0,3415.0,3414.0,3413.0,3412.0,3411.0,3410.0,3408.0,3405.0,3404.0,","3399.0,3400.0,3401.0,3402.0,3403.0,3404.0,3405.0,3406.0,3407.0,3408.0,"
217536.0,218752.0,2016-04-29 07:22:41.520000$$2016-04-29 07:23:21.095,"3418.0,3415.0,3414.0,3413.0,3412.0,3411.0,3410.0,3408.0,3405.0,3404.0,","3399.0,3400.0,3401.0,3402.0,3403.0,3404.0,3405.0,3406.0,3407.0,3408.0,"
645789.0,649420.0,2016-04-29 07:23:21.095000$$2016-04-29 07:23:51.443,"3418.0,3415.0,3414.0,3413.0,3412.0,3411.0,3410.0,3408.0,3405.0,3404.0,","3399.0,3400.0,3401.0,3402.0,3403.0,3404.0,3405.0,3406.0,3407.0,3408.0,"
506738.0,509282.0,2016-04-29 07:23:51.443000$$2016-04-29 07:24:24.676,"3418.0,3415.0,3414.0,3413.0,3412.0,3411.0,3410.0,3408.0,3405.0,3404.0,","3401.0,3402.0,3403.0,3404.0,3405.0,3406.0,3407.0,3408.0,3409.0,3410.0,"
112233.0,112794.0,2016-04-29 07:24:24.676000$$2016-04-29 07:25:10.049,"3418.0,3415.0,3414.0,3413.0,3412.0,3411.0,3410.0,3408.0,3405.0,3404.0,","3401.0,3402.0,3403.0,3404.0,3405.0,3406.0,3407.0,3408.0,3409.0,3410.0,"
108832.0,109376.0,2016-04-29 07:25:10.049000$$2016-04-29 07:25:46.628,"3418.0,3415.0,3414.0,3413.0,3412.0,3411.0,3410.0,3408.0,3405.0,3404.0,","3401.0,3402.0,3403.0,3404.0,3405.0,3406.0,3407.0,3408.0,3409.0,3410.0,"
689941.0,693854.0,2016-04-29 07:25:46.628000$$2016-04-29 07:26:16.638,"3418.0,3415.0,3414.0,3413.0,3412.0,3411.0,3410.0,3408.0,3405.0,3404.0,","3398.0,3399.0,3400.0,3401.0,3402.0,3403.0,3404.0,3405.0,3406.0,3407.0,"
360050.0,362308.0,2016-04-29 07:26:16.638000$$2016-04-29 07:26:50.419,"3418.0,3415.0,3414.0,3413.0,3412.0,3411.0,3410.0,3408.0,3405.0,3404.0,","3397.0,3398.0,3399.0,3400.0,3401.0,3402.0,3403.0,3404.0,3405.0,3406.0,"
50955.0,51270.0,2016-04-29 07:26:50.419000$$2016-04-29 07:27:22.425,"3418.0,3415.0,3414.0,3413.0,3412.0,3411.0,3410.0,3408.0,3405.0,3404.0,","3397.0,3398.0,3399.0,3400.0,3401.0,3402.0,3403.0,3404.0,3405.0,3406.0,"
54352.0,54688.0,2016-04-29 07:27:22.425000$$2016-04-29 07:27:59.260,"3418.0,3415.0,3414.0,3413.0,3412.0,3411.0,3410.0,3408.0,3405.0,3404.0,","3397.0,3398.0,3399.0,3400.0,3401.0,3402.0,3403.0,3404.0,3405.0,3406.0,"
414289.0,416996.0,2016-04-29 07:27:59.260000$$2016-04-29 07:28:44.582,"3418.0,3415.0,3414.0,3413.0,3412.0,3411.0,3410.0,3408.0,3405.0,3404.0,","3396.0,3397.0,3398.0,3399.0,3400.0,3401.0,3402.0,3403.0,3404.0,3405.0,"
125652.0,126466.0,2016-04-29 07:28:44.582000$$2016-04-29 07:29:17.829,"3418.0,3415.0,3414.0,3413.0,3412.0,3411.0,3410.0,3408.0,3405.0,3404.0,","3396.0,3397.0,3398.0,3399.0,3400.0,3401.0,3402.0,3403.0,3404.0,3405.0,"
566916.0,570806.0,2016-04-29 07:29:17.829000$$2016-04-29 07:29:56.342,"3418.0,3415.0,3414.0,3413.0,3412.0,3411.0,3410.0,3408.0,3405.0,3404.0,","3396.0,3397.0,3398.0,3399.0,3400.0,3401.0,3402.0,3403.0,3404.0,3405.0,"
665256.0,669928.0,2016-04-29 07:29:56.342000$$2016-04-29 07:30:27.170,"3418.0,3415.0,3414.0,3413.0,3412.0,3411.0,3410.0,3408.0,3405.0,3404.0,","3394.0,3395.0,3396.0,3397.0,3398.0,3399.0,3400.0,3401.0,3402.0,3403.0,"
122184.0,123048.0,2016-04-29 07:30:27.170000$$2016-04-29 07:31:00.694,"3418.0,3415.0,3414.0,3413.0,3412.0,3411.0,3410.0,3408.0,3405.0,3404.0,","3394.0,3395.0,3396.0,3397.0,3398.0,3399.0,3400.0,3401.0,3402.0,3403.0,"
44122.0,44434.0,2016-04-29 07:31:00.694000$$2016-04-29 07:31:40.427,"3418.0,3415.0,3414.0,3413.0,3412.0,3411.0,3410.0,3408.0,3405.0,3404.0,","3394.0,3395.0,3396.0,3397.0,3398.0,3399.0,3400.0,3401.0,3402.0,3403.0,"
57698.0,58106.0,2016-04-29 07:31:40.427000$$2016-04-29 07:32:11.358,"3418.0,3415.0,3414.0,3413.0,3412.0,3411.0,3410.0,3408.0,3405.0,3404.0,","3394.0,3395.0,3396.0,3397.0,3398.0,3399.0,3400.0,3401.0,3402.0,3403.0,"
617989.0,622076.0,2016-04-29 07:32:11.358000$$2016-04-29 07:32:44.642,"3418.0,3415.0,3414.0,3413.0,3412.0,3411.0,3410.0,3408.0,3405.0,3404.0,","3398.0,3399.0,3400.0,3401.0,3402.0,3403.0,3404.0,3405.0,3406.0,3407.0,"
652509.0,656256.0,2016-04-29 07:32:44.642000$$2016-04-29 07:33:15.362,"3418.0,3415.0,3414.0,3413.0,3412.0,3411.0,3410.0,3408.0,3405.0,3404.0,","3398.0,3399.0,3400.0,3401.0,3402.0,3403.0,3404.0,3405.0,3406.0,3407.0,"
588208.0,591314.0,2016-04-29 07:33:15.362000$$2016-04-29 07:33:48.913,"3418.0,3415.0,3414.0,3413.0,3412.0,3411.0,3410.0,3408.0,3405.0,3404.0,","3400.0,3401.0,3402.0,3403.0,3404.0,3405.0,3406.0,3407.0,3408.0,3409.0,"
584448.0,587896.0,2016-04-29 07:33:48.913000$$2016-04-29 07:34:25.555,"3418.0,3415.0,3414.0,3413.0,3412.0,3411.0,3410.0,3408.0,3405.0,3404.0,","3398.0,3399.0,3400.0,3401.0,3402.0,3403.0,3404.0,3405.0,3406.0,3407.0,"
818777.0,823738.0,2016-04-29 07:34:25.555000$$2016-04-29 07:34:57.013,"3418.0,3415.0,3414.0,3413.0,3412.0,3411.0,3410.0,3408.0,3405.0,3404.0,","3400.0,3401.0,3402.0,3403.0,3404.0,3405.0,3406.0,3407.0,3408.0,3409.0,"
574431.0,577642.0,2016-04-29 07:34:57.013000$$2016-04-29 07:35:29.178,"3418.0,3415.0,3414.0,3413.0,3412.0,3411.0,3410.0,3408.0,3405.0,3404.0,","3399.0,3400.0,3401.0,3402.0,3403.0,3404.0,3405.0,3406.0,3407.0,3408.0,"
411506.0,413578.0,2016-04-29 07:35:29.178000$$2016-04-29 07:36:03.135,"3418.0,3415.0,3414.0,3413.0,3412.0,3411.0,3410.0,3408.0,3405.0,3404.0,","3402.0,3403.0,3404.0,3405.0,3406.0,3407.0,3408.0,3409.0,3410.0,3411.0,"
282347.0,283694.0,2016-04-29 07:36:03.135000$$2016-04-29 07:36:35.131,"3418.0,3415.0,3414.0,3413.0,3412.0,3411.0,3410.0,3408.0,3405.0,3404.0,","3402.0,3403.0,3404.0,3405.0,3406.0,3407.0,3408.0,3409.0,3410.0,3411.0,"
227826.0,229006.0,2016-04-29 07:36:35.131000$$2016-04-29 07:37:06.772,"3418.0,3415.0,3414.0,3413.0,3412.0,3411.0,3410.0,3408.0,3405.0,3404.0,","3400.0,3401.0,3402.0,3403.0,3404.0,3405.0,3406.0,3407.0,3408.0,3409.0,"
210839.0,211916.0,2016-04-29 07:37:06.772000$$2016-04-29 07:37:42.101,"3418.0,3415.0,3414.0,3413.0,3412.0,3411.0,3410.0,3408.0,3405.0,3404.0,","3401.0,3402.0,3403.0,3404.0,3405.0,3406.0,3407.0,3408.0,3409.0,3410.0,"
54416.0,54688.0,2016-04-29 07:37:42.101000$$2016-04-29 07:38:13.264,"3418.0,3415.0,3414.0,3413.0,3412.0,3411.0,3410.0,3408.0,3405.0,3404.0,","3401.0,3402.0,3403.0,3404.0,3405.0,3406.0,3407.0,3408.0,3409.0,3410.0,"
350274.0,352054.0,2016-04-29 07:38:13.264000$$2016-04-29 07:38:43.703,"3418.0,3415.0,3414.0,3413.0,3412.0,3411.0,3410.0,3408.0,3405.0,3404.0,","3401.0,3402.0,3403.0,3404.0,3405.0,3406.0,3407.0,3408.0,3409.0,3410.0,"
37411.0,37598.0,2016-04-29 07:38:43.703000$$2016-04-29 07:39:19.517,"3418.0,3415.0,3414.0,3413.0,3412.0,3411.0,3410.0,3408.0,3405.0,3404.0,","3401.0,3402.0,3403.0,3404.0,3405.0,3406.0,3407.0,3408.0,3409.0,3410.0,"
51015.0,51270.0,2016-04-29 07:39:19.517000$$2016-04-29 07:39:52.424,"3418.0,3415.0,3414.0,3413.0,3412.0,3411.0,3410.0,3408.0,3405.0,3404.0,","3401.0,3402.0,3403.0,3404.0,3405.0,3406.0,3407.0,3408.0,3409.0,3410.0,"
